
   <marc:record>
      <marc:leader>     cjm a22        4500</marc:leader>
      <marc:controlfield tag="001">506300331</marc:controlfield>
      <marc:controlfield tag="003">DE-576</marc:controlfield>
      <marc:controlfield tag="005">20190222123333.0</marc:controlfield>
      <marc:controlfield tag="007">sd uuuuuuuuuuu</marc:controlfield>
      <marc:controlfield tag="008">180613s2000    xx ||||| |||| |   | zxx c</marc:controlfield>
      <marc:datafield tag="028" ind1="5" ind2="2">
         <marc:subfield code="a">CDAN 02</marc:subfield>
      </marc:datafield>
      <marc:datafield tag="035" ind1=" " ind2=" ">
         <marc:subfield code="a">(DE-627)1576300331</marc:subfield>
      </marc:datafield>
      <marc:datafield tag="035" ind1=" " ind2=" ">
         <marc:subfield code="a">(DE-576)506300331</marc:subfield>
      </marc:datafield>
      <marc:datafield tag="035" ind1=" " ind2=" ">
         <marc:subfield code="a">(DE-599)BSZ506300331</marc:subfield>
      </marc:datafield>
      <marc:datafield tag="035" ind1=" " ind2=" ">
         <marc:subfield code="a">(OCoLC)1043893758</marc:subfield>
      </marc:datafield>
      <marc:datafield tag="040" ind1=" " ind2=" ">
         <marc:subfield code="a">DE-576</marc:subfield>
         <marc:subfield code="b">ger</marc:subfield>
         <marc:subfield code="c">DE-576</marc:subfield>
         <marc:subfield code="e">rda</marc:subfield>
      </marc:datafield>
      <marc:datafield tag="041" ind1=" " ind2=" ">
         <marc:subfield code="a">zxx</marc:subfield>
      </marc:datafield>
      <marc:datafield tag="084" ind1=" " ind2=" ">
         <marc:subfield code="a">LV 50970</marc:subfield>
         <marc:subfield code="2">rvk</marc:subfield>
         <marc:subfield code="0">(DE-625)rvk/114780:2201</marc:subfield>
      </marc:datafield>
      <marc:datafield tag="245" ind1="1" ind2="0">
         <marc:subfield code="a">Gypsy Stars</marc:subfield>
         <marc:subfield code="b">selections from the Gypsy concert of the Hungarian State Folk Ensemble</marc:subfield>
         <marc:subfield code="c">leader oh the orchestra: Jeno Oláh prímás ; clarinet solo: Lászlo Lakatos, cymballo solo: : Janos Váradi ; adaptions for the Gypsy Orchestra of the Hungarian State Folk Ensemble</marc:subfield>
      </marc:datafield>
      <marc:datafield tag="264" ind1=" " ind2="1">
         <marc:subfield code="a">[Budapest]</marc:subfield>
         <marc:subfield code="b">Sony DADC</marc:subfield>
         <marc:subfield code="c">[2000]</marc:subfield>
      </marc:datafield>
      <marc:datafield tag="264" ind1=" " ind2="4">
         <marc:subfield code="c">© 2000</marc:subfield>
      </marc:datafield>
      <marc:datafield tag="300" ind1=" " ind2=" ">
         <marc:subfield code="a">1 CD</marc:subfield>
         <marc:subfield code="c">12 cm</marc:subfield>
      </marc:datafield>
      <marc:datafield tag="336" ind1=" " ind2=" ">
         <marc:subfield code="a">aufgeführte Musik</marc:subfield>
         <marc:subfield code="b">prm</marc:subfield>
         <marc:subfield code="2">rdacontent</marc:subfield>
      </marc:datafield>
      <marc:datafield tag="337" ind1=" " ind2=" ">
         <marc:subfield code="a">audio</marc:subfield>
         <marc:subfield code="b">s</marc:subfield>
         <marc:subfield code="2">rdamedia</marc:subfield>
      </marc:datafield>
      <marc:datafield tag="338" ind1=" " ind2=" ">
         <marc:subfield code="a">Audiodisk</marc:subfield>
         <marc:subfield code="b">sd</marc:subfield>
         <marc:subfield code="2">rdacarrier</marc:subfield>
      </marc:datafield>
      <marc:datafield tag="518" ind1=" " ind2=" ">
         <marc:subfield code="a">Recorded in Ethnic, the Studio of the Hungarian State Folk Ensemble</marc:subfield>
      </marc:datafield>
      <marc:datafield tag="655" ind1=" " ind2="7">
         <marc:subfield code="a">CD</marc:subfield>
         <marc:subfield code="0">(DE-588)4522869-3</marc:subfield>
         <marc:subfield code="0">(DE-627)251637565</marc:subfield>
         <marc:subfield code="0">(DE-576)213310740</marc:subfield>
         <marc:subfield code="2">gnd-carrier</marc:subfield>
      </marc:datafield>
      <marc:datafield tag="700" ind1="1" ind2=" ">
         <marc:subfield code="a">Oláh, Jenö</marc:subfield>
         <marc:subfield code="e">DirigentIn</marc:subfield>
         <marc:subfield code="4">cnd</marc:subfield>
      </marc:datafield>
      <marc:datafield tag="700" ind1="1" ind2=" ">
         <marc:subfield code="a">Lakatos, László</marc:subfield>
         <marc:subfield code="e">InstrumentalmusikerIn</marc:subfield>
         <marc:subfield code="4">itr</marc:subfield>
      </marc:datafield>
      <marc:datafield tag="700" ind1="1" ind2=" ">
         <marc:subfield code="a">Váradi, János</marc:subfield>
         <marc:subfield code="e">InstrumentalmusikerIn</marc:subfield>
         <marc:subfield code="4">itr</marc:subfield>
      </marc:datafield>
      <marc:datafield tag="710" ind1="2" ind2=" ">
         <marc:subfield code="a">Hungarian State Folk Ensemble</marc:subfield>
         <marc:subfield code="b">Gypsy Orchestra</marc:subfield>
         <marc:subfield code="e">InstrumentalmusikerIn</marc:subfield>
         <marc:subfield code="0">(DE-588)1160950032</marc:subfield>
         <marc:subfield code="0">(DE-627)1024333876</marc:subfield>
         <marc:subfield code="0">(DE-576)506270777</marc:subfield>
         <marc:subfield code="4">itr</marc:subfield>
      </marc:datafield>
      <marc:datafield tag="935" ind1=" " ind2=" ">
         <marc:subfield code="c">muto</marc:subfield>
      </marc:datafield>
      <marc:datafield tag="936" ind1="r" ind2="v">
         <marc:subfield code="a">LV 50970</marc:subfield>
         <marc:subfield code="b">Zigeuner</marc:subfield>
         <marc:subfield code="k">Musikwissenschaft</marc:subfield>
         <marc:subfield code="k">III. Tonträger</marc:subfield>
         <marc:subfield code="k">Musikalische Volks- und Völkerkunde: Tonträger</marc:subfield>
         <marc:subfield code="k">Volksmusik in Europa und Amerika - Tonträger</marc:subfield>
         <marc:subfield code="k">Allgemeines, mehrere Gattungen (z.B. Lied und Tanz).</marc:subfield>
         <marc:subfield code="k">Mehrere Gattungen in der nationalen Tradition</marc:subfield>
         <marc:subfield code="k">Nicht-indogermanische Völker</marc:subfield>
         <marc:subfield code="k">Zigeuner</marc:subfield>
         <marc:subfield code="0">(DE-627)1274903335</marc:subfield>
         <marc:subfield code="0">(DE-625)rvk/114780:2201</marc:subfield>
         <marc:subfield code="0">(DE-576)204903335</marc:subfield>
      </marc:datafield>
      <marc:datafield tag="951" ind1=" " ind2=" ">
         <marc:subfield code="a">BO</marc:subfield>
      </marc:datafield>
   </marc:record>