
   <marc:record>
      <marc:leader>     cjm a22        4500</marc:leader>
      <marc:controlfield tag="001">500673020</marc:controlfield>
      <marc:controlfield tag="003">DE-576</marc:controlfield>
      <marc:controlfield tag="005">20190222123200.0</marc:controlfield>
      <marc:controlfield tag="007">sd uuuuuuuuuuu</marc:controlfield>
      <marc:controlfield tag="008">180309s1995    xx ||||| |||| |   | zxx c</marc:controlfield>
      <marc:datafield tag="028" ind1="5" ind2="2">
         <marc:subfield code="a">7243 5 55392 2 9</marc:subfield>
      </marc:datafield>
      <marc:datafield tag="035" ind1=" " ind2=" ">
         <marc:subfield code="a">(DE-627)1570673020</marc:subfield>
      </marc:datafield>
      <marc:datafield tag="035" ind1=" " ind2=" ">
         <marc:subfield code="a">(DE-576)500673020</marc:subfield>
      </marc:datafield>
      <marc:datafield tag="035" ind1=" " ind2=" ">
         <marc:subfield code="a">(DE-599)BSZ500673020</marc:subfield>
      </marc:datafield>
      <marc:datafield tag="035" ind1=" " ind2=" ">
         <marc:subfield code="a">(OCoLC)1030390111</marc:subfield>
      </marc:datafield>
      <marc:datafield tag="040" ind1=" " ind2=" ">
         <marc:subfield code="a">DE-576</marc:subfield>
         <marc:subfield code="b">ger</marc:subfield>
         <marc:subfield code="c">DE-576</marc:subfield>
         <marc:subfield code="e">rda</marc:subfield>
      </marc:datafield>
      <marc:datafield tag="041" ind1=" " ind2=" ">
         <marc:subfield code="a">zxx</marc:subfield>
      </marc:datafield>
      <marc:datafield tag="084" ind1=" " ind2=" ">
         <marc:subfield code="a">LX 93734</marc:subfield>
         <marc:subfield code="2">rvk</marc:subfield>
         <marc:subfield code="0">(DE-625)rvk/118497:</marc:subfield>
      </marc:datafield>
      <marc:datafield tag="100" ind1="1" ind2=" ">
         <marc:subfield code="a">Orff, Carl</marc:subfield>
         <marc:subfield code="d">1895-1982</marc:subfield>
         <marc:subfield code="e">KomponistIn</marc:subfield>
         <marc:subfield code="0">(DE-588)118590219</marc:subfield>
         <marc:subfield code="0">(DE-627)134576039</marc:subfield>
         <marc:subfield code="0">(DE-576)162445091</marc:subfield>
         <marc:subfield code="4">cmp</marc:subfield>
      </marc:datafield>
      <marc:datafield tag="245" ind1="1" ind2="0">
         <marc:subfield code="a">Carmina Burana</marc:subfield>
         <marc:subfield code="c">Carl Orff 1895-1982 ; Natalie Dessay, soprano, Thomas Hampson, baryton, Gérard Lesne, alto, Choeur d'enfants de Midi-Pyrénées, Orféon Donostiarra, chef de choeurs: José Antonio Sainz, direction Michel Plasson, Malcolm Stewart, violon solo</marc:subfield>
      </marc:datafield>
      <marc:datafield tag="264" ind1=" " ind2="1">
         <marc:subfield code="a">[Paris]</marc:subfield>
         <marc:subfield code="b">EMI France</marc:subfield>
         <marc:subfield code="c">[1995]</marc:subfield>
      </marc:datafield>
      <marc:datafield tag="264" ind1=" " ind2="4">
         <marc:subfield code="c">℗ 1995</marc:subfield>
      </marc:datafield>
      <marc:datafield tag="300" ind1=" " ind2=" ">
         <marc:subfield code="a">1 CD (59 Minuten)</marc:subfield>
         <marc:subfield code="b">stereo, DDD</marc:subfield>
      </marc:datafield>
      <marc:datafield tag="336" ind1=" " ind2=" ">
         <marc:subfield code="a">aufgeführte Musik</marc:subfield>
         <marc:subfield code="b">prm</marc:subfield>
         <marc:subfield code="2">rdacontent</marc:subfield>
      </marc:datafield>
      <marc:datafield tag="337" ind1=" " ind2=" ">
         <marc:subfield code="a">audio</marc:subfield>
         <marc:subfield code="b">s</marc:subfield>
         <marc:subfield code="2">rdamedia</marc:subfield>
      </marc:datafield>
      <marc:datafield tag="338" ind1=" " ind2=" ">
         <marc:subfield code="a">Audiodisk</marc:subfield>
         <marc:subfield code="b">sd</marc:subfield>
         <marc:subfield code="2">rdacarrier</marc:subfield>
      </marc:datafield>
      <marc:datafield tag="490" ind1="0" ind2=" ">
         <marc:subfield code="a">EMI classics</marc:subfield>
      </marc:datafield>
      <marc:datafield tag="655" ind1=" " ind2="7">
         <marc:subfield code="a">CD</marc:subfield>
         <marc:subfield code="0">(DE-588)4522869-3</marc:subfield>
         <marc:subfield code="0">(DE-627)251637565</marc:subfield>
         <marc:subfield code="0">(DE-576)213310740</marc:subfield>
         <marc:subfield code="2">gnd-carrier</marc:subfield>
      </marc:datafield>
      <marc:datafield tag="700" ind1="1" ind2=" ">
         <marc:subfield code="a">Dessay, Natalie</marc:subfield>
         <marc:subfield code="d">1965-</marc:subfield>
         <marc:subfield code="e">SängerIn</marc:subfield>
         <marc:subfield code="0">(DE-588)134940008</marc:subfield>
         <marc:subfield code="0">(DE-627)570558654</marc:subfield>
         <marc:subfield code="0">(DE-576)181547198</marc:subfield>
         <marc:subfield code="4">sng</marc:subfield>
      </marc:datafield>
      <marc:datafield tag="700" ind1="1" ind2=" ">
         <marc:subfield code="a">Hampson, Thomas</marc:subfield>
         <marc:subfield code="d">1955-</marc:subfield>
         <marc:subfield code="e">SängerIn</marc:subfield>
         <marc:subfield code="0">(DE-588)119443287</marc:subfield>
         <marc:subfield code="0">(DE-627)080257178</marc:subfield>
         <marc:subfield code="0">(DE-576)165434023</marc:subfield>
         <marc:subfield code="4">sng</marc:subfield>
      </marc:datafield>
      <marc:datafield tag="700" ind1="1" ind2=" ">
         <marc:subfield code="a">Lesne, Gérard</marc:subfield>
         <marc:subfield code="d">1956-</marc:subfield>
         <marc:subfield code="e">SängerIn</marc:subfield>
         <marc:subfield code="0">(DE-588)123939704</marc:subfield>
         <marc:subfield code="0">(DE-627)085537241</marc:subfield>
         <marc:subfield code="0">(DE-576)168794764</marc:subfield>
         <marc:subfield code="4">sng</marc:subfield>
      </marc:datafield>
      <marc:datafield tag="700" ind1="1" ind2=" ">
         <marc:subfield code="a">Sainz, José Antonio</marc:subfield>
         <marc:subfield code="e">ChorleiterIn</marc:subfield>
         <marc:subfield code="0">(DE-588)134794567</marc:subfield>
         <marc:subfield code="0">(DE-627)568752880</marc:subfield>
         <marc:subfield code="0">(DE-576)317094637</marc:subfield>
         <marc:subfield code="4">cnd</marc:subfield>
      </marc:datafield>
      <marc:datafield tag="700" ind1="1" ind2=" ">
         <marc:subfield code="a">Plasson, Michel</marc:subfield>
         <marc:subfield code="d">1933-</marc:subfield>
         <marc:subfield code="e">DirigentIn</marc:subfield>
         <marc:subfield code="0">(DE-588)123910412</marc:subfield>
         <marc:subfield code="0">(DE-627)085518506</marc:subfield>
         <marc:subfield code="0">(DE-576)164674152</marc:subfield>
         <marc:subfield code="4">cnd</marc:subfield>
      </marc:datafield>
      <marc:datafield tag="700" ind1="1" ind2=" ">
         <marc:subfield code="a">Stewart, Malcolm</marc:subfield>
         <marc:subfield code="e">InstrumentalmusikerIn</marc:subfield>
         <marc:subfield code="0">(DE-588)134805356</marc:subfield>
         <marc:subfield code="0">(DE-627)576057258</marc:subfield>
         <marc:subfield code="0">(DE-576)317103024</marc:subfield>
         <marc:subfield code="4">itr</marc:subfield>
      </marc:datafield>
      <marc:datafield tag="710" ind1="2" ind2=" ">
         <marc:subfield code="a">Choeur d'enfants de Midi-Pyrénées</marc:subfield>
         <marc:subfield code="e">SängerIn</marc:subfield>
         <marc:subfield code="0">(DE-588)1154443787</marc:subfield>
         <marc:subfield code="0">(DE-627)1015734618</marc:subfield>
         <marc:subfield code="0">(DE-576)500673705</marc:subfield>
         <marc:subfield code="4">sng</marc:subfield>
      </marc:datafield>
      <marc:datafield tag="710" ind1="2" ind2=" ">
         <marc:subfield code="a">Orfeón Donostiarra</marc:subfield>
         <marc:subfield code="e">SängerIn</marc:subfield>
         <marc:subfield code="0">(DE-588)5064141-4</marc:subfield>
         <marc:subfield code="0">(DE-627)121183645</marc:subfield>
         <marc:subfield code="0">(DE-576)193916711</marc:subfield>
         <marc:subfield code="4">sng</marc:subfield>
      </marc:datafield>
      <marc:datafield tag="710" ind1="2" ind2=" ">
         <marc:subfield code="a">Orchestre du Capitole de Toulouse</marc:subfield>
         <marc:subfield code="e">InstrumentalmusikerIn</marc:subfield>
         <marc:subfield code="0">(DE-588)1099325-3</marc:subfield>
         <marc:subfield code="0">(DE-627)10084295X</marc:subfield>
         <marc:subfield code="0">(DE-576)192687263</marc:subfield>
         <marc:subfield code="4">itr</marc:subfield>
      </marc:datafield>
      <marc:datafield tag="935" ind1=" " ind2=" ">
         <marc:subfield code="c">muto</marc:subfield>
      </marc:datafield>
      <marc:datafield tag="936" ind1="r" ind2="v">
         <marc:subfield code="a">LX 93734</marc:subfield>
         <marc:subfield code="b">Bühnenwerke</marc:subfield>
         <marc:subfield code="k">Musikwissenschaft</marc:subfield>
         <marc:subfield code="k">III. Tonträger</marc:subfield>
         <marc:subfield code="k">Chronologischer Teil: Tonträger</marc:subfield>
         <marc:subfield code="k">20. Jahrhundert und 21. Jahrhundert</marc:subfield>
         <marc:subfield code="k">Einzelne Persönlichkeiten:</marc:subfield>
         <marc:subfield code="k">Persönlichkeiten O</marc:subfield>
         <marc:subfield code="k">Orff, Carl</marc:subfield>
         <marc:subfield code="k">Darstellungen zum Werk</marc:subfield>
         <marc:subfield code="k">Bühnenwerke</marc:subfield>
         <marc:subfield code="0">(DE-627)1272379841</marc:subfield>
         <marc:subfield code="0">(DE-625)rvk/118497:</marc:subfield>
         <marc:subfield code="0">(DE-576)202379841</marc:subfield>
      </marc:datafield>
      <marc:datafield tag="951" ind1=" " ind2=" ">
         <marc:subfield code="a">BO</marc:subfield>
      </marc:datafield>
   </marc:record>