
   <marc:record>
      <marc:leader>     cam a22        4500</marc:leader>
      <marc:controlfield tag="001">498626695</marc:controlfield>
      <marc:controlfield tag="003">DE-576</marc:controlfield>
      <marc:controlfield tag="005">20200529204335.0</marc:controlfield>
      <marc:controlfield tag="007">tu</marc:controlfield>
      <marc:controlfield tag="008">180208r19801844sw |||||      00| ||swe c</marc:controlfield>
      <marc:datafield tag="020" ind1=" " ind2=" ">
         <marc:subfield code="a">9176120015</marc:subfield>
         <marc:subfield code="9">91-7612-001-5</marc:subfield>
      </marc:datafield>
      <marc:datafield tag="020" ind1=" " ind2=" ">
         <marc:subfield code="a">9789176120019</marc:subfield>
         <marc:subfield code="9">978-91-7612-001-9</marc:subfield>
      </marc:datafield>
      <marc:datafield tag="035" ind1=" " ind2=" ">
         <marc:subfield code="a">(DE-627)156862669X</marc:subfield>
      </marc:datafield>
      <marc:datafield tag="035" ind1=" " ind2=" ">
         <marc:subfield code="a">(DE-576)498626695</marc:subfield>
      </marc:datafield>
      <marc:datafield tag="035" ind1=" " ind2=" ">
         <marc:subfield code="a">(DE-599)BSZ498626695</marc:subfield>
      </marc:datafield>
      <marc:datafield tag="035" ind1=" " ind2=" ">
         <marc:subfield code="a">(OCoLC)1026998036</marc:subfield>
      </marc:datafield>
      <marc:datafield tag="040" ind1=" " ind2=" ">
         <marc:subfield code="a">DE-576</marc:subfield>
         <marc:subfield code="b">ger</marc:subfield>
         <marc:subfield code="c">DE-576</marc:subfield>
         <marc:subfield code="e">rda</marc:subfield>
      </marc:datafield>
      <marc:datafield tag="041" ind1=" " ind2=" ">
         <marc:subfield code="a">swe</marc:subfield>
      </marc:datafield>
      <marc:datafield tag="044" ind1=" " ind2=" ">
         <marc:subfield code="c">XA-SE</marc:subfield>
      </marc:datafield>
      <marc:datafield tag="084" ind1=" " ind2=" ">
         <marc:subfield code="a">AP 85600</marc:subfield>
         <marc:subfield code="2">rvk</marc:subfield>
         <marc:subfield code="0">(DE-625)rvk/8058:</marc:subfield>
      </marc:datafield>
      <marc:datafield tag="084" ind1=" " ind2=" ">
         <marc:subfield code="a">AP 85150</marc:subfield>
         <marc:subfield code="2">rvk</marc:subfield>
         <marc:subfield code="0">(DE-625)rvk/8050:</marc:subfield>
      </marc:datafield>
      <marc:datafield tag="245" ind1="1" ind2="0">
         <marc:subfield code="a">Polkan sådan den dansas i salongerna</marc:subfield>
      </marc:datafield>
      <marc:datafield tag="250" ind1=" " ind2=" ">
         <marc:subfield code="a">Faksimilutgåva efter originalet från 1844</marc:subfield>
         <marc:subfield code="b">med efterskrift av Henry Sjöberg</marc:subfield>
      </marc:datafield>
      <marc:datafield tag="264" ind1=" " ind2="1">
         <marc:subfield code="a">Vällingby</marc:subfield>
         <marc:subfield code="b">Terpsichore</marc:subfield>
         <marc:subfield code="c">1980</marc:subfield>
      </marc:datafield>
      <marc:datafield tag="264" ind1=" " ind2="0">
         <marc:subfield code="a">Stockholm</marc:subfield>
         <marc:subfield code="b">Juno-Print</marc:subfield>
         <marc:subfield code="c">1980</marc:subfield>
      </marc:datafield>
      <marc:datafield tag="300" ind1=" " ind2=" ">
         <marc:subfield code="a">12 Seiten, 4 ungezählte Blätter,  8 ungezählte Seiten</marc:subfield>
         <marc:subfield code="b">Illustrationen</marc:subfield>
         <marc:subfield code="c">15 cm</marc:subfield>
      </marc:datafield>
      <marc:datafield tag="336" ind1=" " ind2=" ">
         <marc:subfield code="a">Text</marc:subfield>
         <marc:subfield code="b">txt</marc:subfield>
         <marc:subfield code="2">rdacontent</marc:subfield>
      </marc:datafield>
      <marc:datafield tag="337" ind1=" " ind2=" ">
         <marc:subfield code="a">ohne Hilfsmittel zu benutzen</marc:subfield>
         <marc:subfield code="b">n</marc:subfield>
         <marc:subfield code="2">rdamedia</marc:subfield>
      </marc:datafield>
      <marc:datafield tag="338" ind1=" " ind2=" ">
         <marc:subfield code="a">Band</marc:subfield>
         <marc:subfield code="b">nc</marc:subfield>
         <marc:subfield code="2">rdacarrier</marc:subfield>
      </marc:datafield>
      <marc:datafield tag="490" ind1="1" ind2=" ">
         <marc:subfield code="a">Dansmusei skrifter</marc:subfield>
         <marc:subfield code="v">24</marc:subfield>
      </marc:datafield>
      <marc:datafield tag="500" ind1=" " ind2=" ">
         <marc:subfield code="a">Umschlagtitel</marc:subfield>
      </marc:datafield>
      <marc:datafield tag="534" ind1=" " ind2=" ">
         <marc:subfield code="c">1844</marc:subfield>
      </marc:datafield>
      <marc:datafield tag="700" ind1="1" ind2=" ">
         <marc:subfield code="a">Sjöberg, Henry</marc:subfield>
         <marc:subfield code="e">MitwirkendeR</marc:subfield>
         <marc:subfield code="4">ctb</marc:subfield>
      </marc:datafield>
      <marc:datafield tag="775" ind1="0" ind2="8">
         <marc:subfield code="i">Faksimile von</marc:subfield>
         <marc:subfield code="t">Polkan sådan den dansas i salongerna : gåfva till polköser och polkörer</marc:subfield>
         <marc:subfield code="d">Stockholm : L:S Gust. Rylander, Bazarn å Norrbro, 1844</marc:subfield>
      </marc:datafield>
      <marc:datafield tag="830" ind1=" " ind2="0">
         <marc:subfield code="a">Dansmusei skrifter</marc:subfield>
         <marc:subfield code="v">24</marc:subfield>
         <marc:subfield code="9">24</marc:subfield>
         <marc:subfield code="w">(DE-627)169683841X</marc:subfield>
         <marc:subfield code="w">(DE-576)062124986</marc:subfield>
         <marc:subfield code="w">(DE-600)3019313-8</marc:subfield>
      </marc:datafield>
      <marc:datafield tag="936" ind1="r" ind2="v">
         <marc:subfield code="a">AP 85600</marc:subfield>
         <marc:subfield code="b">Einzelne Gesellschaftstänze</marc:subfield>
         <marc:subfield code="k">Allgemeines</marc:subfield>
         <marc:subfield code="k">Medien- und Kommunikationswissenschaften, Kommunikationsdesign</marc:subfield>
         <marc:subfield code="k">Tanz</marc:subfield>
         <marc:subfield code="k">Gesellschaftstanz</marc:subfield>
         <marc:subfield code="k">Einzelne Gesellschaftstänze</marc:subfield>
         <marc:subfield code="0">(DE-627)127069362X</marc:subfield>
         <marc:subfield code="0">(DE-625)rvk/8058:</marc:subfield>
         <marc:subfield code="0">(DE-576)20069362X</marc:subfield>
      </marc:datafield>
      <marc:datafield tag="936" ind1="r" ind2="v">
         <marc:subfield code="a">AP 85150</marc:subfield>
         <marc:subfield code="b">Tanzfamilien, einzelne Volkstänze</marc:subfield>
         <marc:subfield code="k">Allgemeines</marc:subfield>
         <marc:subfield code="k">Medien- und Kommunikationswissenschaften, Kommunikationsdesign</marc:subfield>
         <marc:subfield code="k">Tanz</marc:subfield>
         <marc:subfield code="k">Volkstanz</marc:subfield>
         <marc:subfield code="k">Tanzfamilien, einzelne Volkstänze</marc:subfield>
         <marc:subfield code="0">(DE-627)1270693557</marc:subfield>
         <marc:subfield code="0">(DE-625)rvk/8050:</marc:subfield>
         <marc:subfield code="0">(DE-576)200693557</marc:subfield>
      </marc:datafield>
      <marc:datafield tag="951" ind1=" " ind2=" ">
         <marc:subfield code="a">BO</marc:subfield>
      </marc:datafield>
   </marc:record>