
   <marc:record>
      <marc:leader>     ccm a22        4500</marc:leader>
      <marc:controlfield tag="001">496301551</marc:controlfield>
      <marc:controlfield tag="003">DE-576</marc:controlfield>
      <marc:controlfield tag="005">20180731123014.0</marc:controlfield>
      <marc:controlfield tag="007">qu</marc:controlfield>
      <marc:controlfield tag="008">171212s1959    xx ||||| |||| ||| | zxx c</marc:controlfield>
      <marc:datafield tag="035" ind1=" " ind2=" ">
         <marc:subfield code="a">(DE-627)1566301556</marc:subfield>
      </marc:datafield>
      <marc:datafield tag="035" ind1=" " ind2=" ">
         <marc:subfield code="a">(DE-576)496301551</marc:subfield>
      </marc:datafield>
      <marc:datafield tag="035" ind1=" " ind2=" ">
         <marc:subfield code="a">(DE-599)BSZ496301551</marc:subfield>
      </marc:datafield>
      <marc:datafield tag="035" ind1=" " ind2=" ">
         <marc:subfield code="a">(OCoLC)1018220174</marc:subfield>
      </marc:datafield>
      <marc:datafield tag="040" ind1=" " ind2=" ">
         <marc:subfield code="a">DE-576</marc:subfield>
         <marc:subfield code="b">ger</marc:subfield>
         <marc:subfield code="c">DE-576</marc:subfield>
         <marc:subfield code="e">rda</marc:subfield>
      </marc:datafield>
      <marc:datafield tag="041" ind1=" " ind2=" ">
         <marc:subfield code="a">zxx</marc:subfield>
      </marc:datafield>
      <marc:datafield tag="100" ind1="1" ind2=" ">
         <marc:subfield code="a">Dubianski, René</marc:subfield>
         <marc:subfield code="d">1923-</marc:subfield>
         <marc:subfield code="e">KomponistIn</marc:subfield>
         <marc:subfield code="0">(DE-588)135177618</marc:subfield>
         <marc:subfield code="0">(DE-627)693333979</marc:subfield>
         <marc:subfield code="0">(DE-576)317396544</marc:subfield>
         <marc:subfield code="4">cmp</marc:subfield>
      </marc:datafield>
      <marc:datafield tag="245" ind1="1" ind2="0">
         <marc:subfield code="a">Lipsi</marc:subfield>
         <marc:subfield code="b">die sensationelle Kration unserer DDR-Autoren in Original-Arrangements : (Inhalt: 5 Hefte)</marc:subfield>
      </marc:datafield>
      <marc:datafield tag="264" ind1=" " ind2="1">
         <marc:subfield code="a">Berlin</marc:subfield>
         <marc:subfield code="b">VEB Lied der Zeit Musikverlag</marc:subfield>
         <marc:subfield code="c">[1959]</marc:subfield>
      </marc:datafield>
      <marc:datafield tag="264" ind1=" " ind2="4">
         <marc:subfield code="c">© 1959</marc:subfield>
      </marc:datafield>
      <marc:datafield tag="300" ind1=" " ind2=" ">
         <marc:subfield code="a">29 Stimmen</marc:subfield>
      </marc:datafield>
      <marc:datafield tag="336" ind1=" " ind2=" ">
         <marc:subfield code="a">Noten</marc:subfield>
         <marc:subfield code="b">ntm</marc:subfield>
         <marc:subfield code="2">rdacontent</marc:subfield>
      </marc:datafield>
      <marc:datafield tag="337" ind1=" " ind2=" ">
         <marc:subfield code="a">ohne Hilfsmittel zu benutzen</marc:subfield>
         <marc:subfield code="b">n</marc:subfield>
         <marc:subfield code="2">rdamedia</marc:subfield>
      </marc:datafield>
      <marc:datafield tag="338" ind1=" " ind2=" ">
         <marc:subfield code="a">Band</marc:subfield>
         <marc:subfield code="b">nc</marc:subfield>
         <marc:subfield code="2">rdacarrier</marc:subfield>
      </marc:datafield>
      <marc:datafield tag="348" ind1=" " ind2=" ">
         <marc:subfield code="a">Stimme, Musikalische Ausgabeform</marc:subfield>
         <marc:subfield code="0">(DE-588)1071380443</marc:subfield>
         <marc:subfield code="0">(DE-627)825820618</marc:subfield>
         <marc:subfield code="0">(DE-576)433060638</marc:subfield>
         <marc:subfield code="2">gnd-music</marc:subfield>
      </marc:datafield>
      <marc:datafield tag="505" ind1="8" ind2="0">
         <marc:subfield code="t">Lipsi Nr. 1</marc:subfield>
         <marc:subfield code="r">Text und Musik: Rene Dubianski ; Bearbeitung: Rene Dubianski</marc:subfield>
      </marc:datafield>
      <marc:datafield tag="505" ind1="8" ind2="0">
         <marc:subfield code="t">Heute tanzen alle jungen Leute</marc:subfield>
         <marc:subfield code="r">Text: Dieter Schneider ; Musik: Klaus Hugo ; Bearbeitung: Joachim Danneberg</marc:subfield>
      </marc:datafield>
      <marc:datafield tag="505" ind1="8" ind2="0">
         <marc:subfield code="t">6 aus 49</marc:subfield>
         <marc:subfield code="r">Musik: Walter Eichenberg : Bearbeitung: Alfons Wonneberg</marc:subfield>
      </marc:datafield>
      <marc:datafield tag="505" ind1="8" ind2="0">
         <marc:subfield code="t">Kommst du heute mit ins kleine Stadtcafé?</marc:subfield>
         <marc:subfield code="r">Text: Ursula Upmeier ; Musik: Gerhard Honig ; Bearbeitung: Heinz Wilhelm</marc:subfield>
      </marc:datafield>
      <marc:datafield tag="505" ind1="8" ind2="0">
         <marc:subfield code="t">Ja, das ist der Lipsi-Schritt</marc:subfield>
         <marc:subfield code="r">Text und Musik: Siefried Mai ; Bearbeitung: Karl Bölke</marc:subfield>
      </marc:datafield>
      <marc:datafield tag="505" ind1="8" ind2="0">
         <marc:subfield code="t">Willibalds Lipsi</marc:subfield>
         <marc:subfield code="r">Musik: Willibald Winkler ; Bearbeitung: Rene Dubianski</marc:subfield>
      </marc:datafield>
      <marc:datafield tag="505" ind1="8" ind2="0">
         <marc:subfield code="t">Fräulein Li</marc:subfield>
         <marc:subfield code="r">Text und Musik: Helmut Nier ; Bearbeitung: Alfons Wonneberg</marc:subfield>
      </marc:datafield>
      <marc:datafield tag="505" ind1="8" ind2="0">
         <marc:subfield code="t">4 + 2 = 6</marc:subfield>
         <marc:subfield code="r">Musik Hajo Lehmann ; Bearbeitung: Alfons Wonneberg</marc:subfield>
      </marc:datafield>
      <marc:datafield tag="505" ind1="8" ind2="0">
         <marc:subfield code="t">Ja, da kann man nichts dagegen tun</marc:subfield>
         <marc:subfield code="r">Text: P. Wilhelm/M Hattwig ; Musik: Martin Hattwig ; Bearbeitung: Heinz Wilhelm</marc:subfield>
      </marc:datafield>
      <marc:datafield tag="505" ind1="8" ind2="0">
         <marc:subfield code="t">Alle tanzen Lipsi</marc:subfield>
         <marc:subfield code="r">Text. Helmut Kießling ; Musik´: Alo Koll ; Bearbeitung: René Dubianski</marc:subfield>
      </marc:datafield>
      <marc:datafield tag="700" ind1="1" ind2=" ">
         <marc:subfield code="a">Hugo, Klaus</marc:subfield>
         <marc:subfield code="d">1928-2007</marc:subfield>
         <marc:subfield code="e">KomponistIn</marc:subfield>
         <marc:subfield code="0">(DE-588)134412656</marc:subfield>
         <marc:subfield code="0">(DE-627)575742461</marc:subfield>
         <marc:subfield code="0">(DE-576)316761079</marc:subfield>
         <marc:subfield code="4">cmp</marc:subfield>
      </marc:datafield>
      <marc:datafield tag="700" ind1="1" ind2=" ">
         <marc:subfield code="a">Eichenberg, Walter</marc:subfield>
         <marc:subfield code="d">1922-2018</marc:subfield>
         <marc:subfield code="e">KomponistIn</marc:subfield>
         <marc:subfield code="0">(DE-588)134365844</marc:subfield>
         <marc:subfield code="0">(DE-627)575708050</marc:subfield>
         <marc:subfield code="0">(DE-576)181746786</marc:subfield>
         <marc:subfield code="4">cmp</marc:subfield>
      </marc:datafield>
      <marc:datafield tag="700" ind1="1" ind2=" ">
         <marc:subfield code="a">Honig, Gerhard</marc:subfield>
         <marc:subfield code="d">1928-</marc:subfield>
         <marc:subfield code="e">KomponistIn</marc:subfield>
         <marc:subfield code="0">(DE-588)134410254</marc:subfield>
         <marc:subfield code="0">(DE-627)575740752</marc:subfield>
         <marc:subfield code="0">(DE-576)190019492</marc:subfield>
         <marc:subfield code="4">cmp</marc:subfield>
      </marc:datafield>
      <marc:datafield tag="700" ind1="1" ind2=" ">
         <marc:subfield code="a">Mai, Siegfried</marc:subfield>
         <marc:subfield code="d">1927-2017</marc:subfield>
         <marc:subfield code="e">KomponistIn</marc:subfield>
         <marc:subfield code="0">(DE-588)134452844</marc:subfield>
         <marc:subfield code="0">(DE-627)575772360</marc:subfield>
         <marc:subfield code="0">(DE-576)185403050</marc:subfield>
         <marc:subfield code="4">cmp</marc:subfield>
      </marc:datafield>
      <marc:datafield tag="700" ind1="1" ind2=" ">
         <marc:subfield code="a">Winkler, Willibald</marc:subfield>
         <marc:subfield code="e">KomponistIn</marc:subfield>
         <marc:subfield code="0">(DE-588)13455891X</marc:subfield>
         <marc:subfield code="0">(DE-627)575850884</marc:subfield>
         <marc:subfield code="0">(DE-576)316861669</marc:subfield>
         <marc:subfield code="4">cmp</marc:subfield>
      </marc:datafield>
      <marc:datafield tag="700" ind1="1" ind2=" ">
         <marc:subfield code="a">Nier, Helmut</marc:subfield>
         <marc:subfield code="d">1919-2002</marc:subfield>
         <marc:subfield code="e">KomponistIn</marc:subfield>
         <marc:subfield code="0">(DE-588)135281466</marc:subfield>
         <marc:subfield code="0">(DE-627)576473693</marc:subfield>
         <marc:subfield code="0">(DE-576)173640818</marc:subfield>
         <marc:subfield code="4">cmp</marc:subfield>
      </marc:datafield>
      <marc:datafield tag="700" ind1="1" ind2=" ">
         <marc:subfield code="a">Lehmann, Hajo</marc:subfield>
         <marc:subfield code="e">KomponistIn</marc:subfield>
         <marc:subfield code="0">(DE-588)134442237</marc:subfield>
         <marc:subfield code="0">(DE-627)57576449X</marc:subfield>
         <marc:subfield code="0">(DE-576)316781673</marc:subfield>
         <marc:subfield code="4">cmp</marc:subfield>
      </marc:datafield>
      <marc:datafield tag="700" ind1="1" ind2=" ">
         <marc:subfield code="a">Hattwig, Martin</marc:subfield>
         <marc:subfield code="d">1920-2003</marc:subfield>
         <marc:subfield code="e">KomponistIn</marc:subfield>
         <marc:subfield code="0">(DE-588)134399803</marc:subfield>
         <marc:subfield code="0">(DE-627)575732997</marc:subfield>
         <marc:subfield code="0">(DE-576)316752509</marc:subfield>
         <marc:subfield code="4">cmp</marc:subfield>
      </marc:datafield>
      <marc:datafield tag="700" ind1="1" ind2=" ">
         <marc:subfield code="a">Koll, Alo</marc:subfield>
         <marc:subfield code="d">1910-</marc:subfield>
         <marc:subfield code="e">KomponistIn</marc:subfield>
         <marc:subfield code="0">(DE-588)134431685</marc:subfield>
         <marc:subfield code="0">(DE-627)575756764</marc:subfield>
         <marc:subfield code="0">(DE-576)17594086X</marc:subfield>
         <marc:subfield code="4">cmp</marc:subfield>
      </marc:datafield>
      <marc:datafield tag="700" ind1="1" ind2=" ">
         <marc:subfield code="a">Schneider, Dieter</marc:subfield>
         <marc:subfield code="d">1937-</marc:subfield>
         <marc:subfield code="e">TextdichterIn</marc:subfield>
         <marc:subfield code="0">(DE-588)116822910</marc:subfield>
         <marc:subfield code="0">(DE-627)078293898</marc:subfield>
         <marc:subfield code="0">(DE-576)190008415</marc:subfield>
         <marc:subfield code="4">lyr</marc:subfield>
      </marc:datafield>
      <marc:datafield tag="700" ind1="1" ind2=" ">
         <marc:subfield code="a">Dannenberg, Joachim</marc:subfield>
         <marc:subfield code="e">ArrangeurIn</marc:subfield>
         <marc:subfield code="0">(DE-588)134354710</marc:subfield>
         <marc:subfield code="0">(DE-627)57569985X</marc:subfield>
         <marc:subfield code="0">(DE-576)316721476</marc:subfield>
         <marc:subfield code="4">arr</marc:subfield>
      </marc:datafield>
      <marc:datafield tag="700" ind1="1" ind2=" ">
         <marc:subfield code="a">Wonneberg, Alfons</marc:subfield>
         <marc:subfield code="e">ArrangeurIn</marc:subfield>
         <marc:subfield code="0">(DE-588)13456071X</marc:subfield>
         <marc:subfield code="0">(DE-627)575852178</marc:subfield>
         <marc:subfield code="0">(DE-576)316862797</marc:subfield>
         <marc:subfield code="4">arr</marc:subfield>
      </marc:datafield>
      <marc:datafield tag="700" ind1="1" ind2=" ">
         <marc:subfield code="a">Upmeier, Ursula</marc:subfield>
         <marc:subfield code="d">1927-</marc:subfield>
         <marc:subfield code="e">TextdichterIn</marc:subfield>
         <marc:subfield code="0">(DE-588)1125659009</marc:subfield>
         <marc:subfield code="0">(DE-627)880321555</marc:subfield>
         <marc:subfield code="0">(DE-576)181648784</marc:subfield>
         <marc:subfield code="4">lyr</marc:subfield>
      </marc:datafield>
      <marc:datafield tag="700" ind1="1" ind2=" ">
         <marc:subfield code="a">Wilhelm, Heinz</marc:subfield>
         <marc:subfield code="e">ArrangeurIn</marc:subfield>
         <marc:subfield code="0">(DE-627)1240182627</marc:subfield>
         <marc:subfield code="0">(DE-576)170182622</marc:subfield>
         <marc:subfield code="4">arr</marc:subfield>
      </marc:datafield>
      <marc:datafield tag="700" ind1="1" ind2=" ">
         <marc:subfield code="a">Bölke, Karl</marc:subfield>
         <marc:subfield code="e">ArrangeurIn</marc:subfield>
         <marc:subfield code="4">arr</marc:subfield>
      </marc:datafield>
      <marc:datafield tag="700" ind1="1" ind2=" ">
         <marc:subfield code="a">Wilhelm, Paul</marc:subfield>
         <marc:subfield code="e">TextdichterIn</marc:subfield>
         <marc:subfield code="0">(DE-627)1322552274</marc:subfield>
         <marc:subfield code="0">(DE-576)25255227X</marc:subfield>
         <marc:subfield code="4">lyr</marc:subfield>
      </marc:datafield>
      <marc:datafield tag="700" ind1="1" ind2=" ">
         <marc:subfield code="a">Hattwig, Martin</marc:subfield>
         <marc:subfield code="d">1920-2003</marc:subfield>
         <marc:subfield code="e">TextdichterIn</marc:subfield>
         <marc:subfield code="0">(DE-588)134399803</marc:subfield>
         <marc:subfield code="0">(DE-627)575732997</marc:subfield>
         <marc:subfield code="0">(DE-576)316752509</marc:subfield>
         <marc:subfield code="4">lyr</marc:subfield>
      </marc:datafield>
      <marc:datafield tag="700" ind1="1" ind2=" ">
         <marc:subfield code="a">Kießling, Helmuth</marc:subfield>
         <marc:subfield code="e">TextdichterIn</marc:subfield>
         <marc:subfield code="4">lyr</marc:subfield>
      </marc:datafield>
      <marc:datafield tag="935" ind1=" " ind2=" ">
         <marc:subfield code="c">muno</marc:subfield>
      </marc:datafield>
      <marc:datafield tag="951" ind1=" " ind2=" ">
         <marc:subfield code="a">BO</marc:subfield>
      </marc:datafield>
   </marc:record>