
   <marc:record>
      <marc:leader>     ccm a22        4500</marc:leader>
      <marc:controlfield tag="001">496059157</marc:controlfield>
      <marc:controlfield tag="003">DE-576</marc:controlfield>
      <marc:controlfield tag="005">20180731122525.0</marc:controlfield>
      <marc:controlfield tag="007">qu</marc:controlfield>
      <marc:controlfield tag="008">171205s1927    xx ||||| |||| ||| | ger c</marc:controlfield>
      <marc:datafield tag="028" ind1="2" ind2="2">
         <marc:subfield code="a">D.M.V.3822.3855 und D.M.V.3900.3855</marc:subfield>
      </marc:datafield>
      <marc:datafield tag="035" ind1=" " ind2=" ">
         <marc:subfield code="a">(DE-627)1566059151</marc:subfield>
      </marc:datafield>
      <marc:datafield tag="035" ind1=" " ind2=" ">
         <marc:subfield code="a">(DE-576)496059157</marc:subfield>
      </marc:datafield>
      <marc:datafield tag="035" ind1=" " ind2=" ">
         <marc:subfield code="a">(DE-599)BSZ496059157</marc:subfield>
      </marc:datafield>
      <marc:datafield tag="035" ind1=" " ind2=" ">
         <marc:subfield code="a">(OCoLC)1018240438</marc:subfield>
      </marc:datafield>
      <marc:datafield tag="040" ind1=" " ind2=" ">
         <marc:subfield code="a">DE-576</marc:subfield>
         <marc:subfield code="b">ger</marc:subfield>
         <marc:subfield code="c">DE-576</marc:subfield>
         <marc:subfield code="e">rda</marc:subfield>
      </marc:datafield>
      <marc:datafield tag="041" ind1=" " ind2=" ">
         <marc:subfield code="a">ger</marc:subfield>
      </marc:datafield>
      <marc:datafield tag="100" ind1="1" ind2=" ">
         <marc:subfield code="a">Krausz, Michael</marc:subfield>
         <marc:subfield code="d">1897-1940</marc:subfield>
         <marc:subfield code="e">KomponistIn</marc:subfield>
         <marc:subfield code="0">(DE-588)1017714541</marc:subfield>
         <marc:subfield code="0">(DE-627)679253289</marc:subfield>
         <marc:subfield code="0">(DE-576)184767407</marc:subfield>
         <marc:subfield code="4">cmp</marc:subfield>
      </marc:datafield>
      <marc:datafield tag="245" ind1="1" ind2="0">
         <marc:subfield code="a">Wir wollen tun, als ob wir Freunde wären</marc:subfield>
         <marc:subfield code="b">aus der Operette "Eine Frau von Format"</marc:subfield>
         <marc:subfield code="c">von Rudolf Schanzer und Ernst Welisch ; Musik von Michael Krausz ; Klavier arr. v. Otto Lindemann</marc:subfield>
      </marc:datafield>
      <marc:datafield tag="264" ind1=" " ind2="1">
         <marc:subfield code="a">Berlin , München</marc:subfield>
         <marc:subfield code="a">Wien</marc:subfield>
         <marc:subfield code="b">Drei-Masken-Verlag</marc:subfield>
         <marc:subfield code="c">[1927]</marc:subfield>
      </marc:datafield>
      <marc:datafield tag="264" ind1=" " ind2="4">
         <marc:subfield code="c">© 1927</marc:subfield>
      </marc:datafield>
      <marc:datafield tag="300" ind1=" " ind2=" ">
         <marc:subfield code="a">1 Partitur (5 Seiten)</marc:subfield>
      </marc:datafield>
      <marc:datafield tag="336" ind1=" " ind2=" ">
         <marc:subfield code="a">Noten</marc:subfield>
         <marc:subfield code="b">ntm</marc:subfield>
         <marc:subfield code="2">rdacontent</marc:subfield>
      </marc:datafield>
      <marc:datafield tag="337" ind1=" " ind2=" ">
         <marc:subfield code="a">ohne Hilfsmittel zu benutzen</marc:subfield>
         <marc:subfield code="b">n</marc:subfield>
         <marc:subfield code="2">rdamedia</marc:subfield>
      </marc:datafield>
      <marc:datafield tag="338" ind1=" " ind2=" ">
         <marc:subfield code="a">Band</marc:subfield>
         <marc:subfield code="b">nc</marc:subfield>
         <marc:subfield code="2">rdacarrier</marc:subfield>
      </marc:datafield>
      <marc:datafield tag="348" ind1=" " ind2=" ">
         <marc:subfield code="a">Partitur</marc:subfield>
         <marc:subfield code="0">(DE-588)4173447-6</marc:subfield>
         <marc:subfield code="0">(DE-627)105379875</marc:subfield>
         <marc:subfield code="0">(DE-576)209950323</marc:subfield>
         <marc:subfield code="2">gnd-music</marc:subfield>
      </marc:datafield>
      <marc:datafield tag="700" ind1="1" ind2=" ">
         <marc:subfield code="a">Schanzer, Rudolph</marc:subfield>
         <marc:subfield code="d">1875-1944</marc:subfield>
         <marc:subfield code="e">LibrettistIn</marc:subfield>
         <marc:subfield code="0">(DE-588)117104957</marc:subfield>
         <marc:subfield code="0">(DE-627)078556767</marc:subfield>
         <marc:subfield code="0">(DE-576)291117406</marc:subfield>
         <marc:subfield code="4">lbt</marc:subfield>
      </marc:datafield>
      <marc:datafield tag="700" ind1="1" ind2=" ">
         <marc:subfield code="a">Welisch, Ernst</marc:subfield>
         <marc:subfield code="e">LibrettistIn</marc:subfield>
         <marc:subfield code="4">lbt</marc:subfield>
      </marc:datafield>
      <marc:datafield tag="700" ind1="1" ind2=" ">
         <marc:subfield code="a">Lindemann, Otto</marc:subfield>
         <marc:subfield code="d">1879-1946</marc:subfield>
         <marc:subfield code="e">ArrangeurIn</marc:subfield>
         <marc:subfield code="0">(DE-588)134574281</marc:subfield>
         <marc:subfield code="0">(DE-627)575862890</marc:subfield>
         <marc:subfield code="0">(DE-576)316872490</marc:subfield>
         <marc:subfield code="4">arr</marc:subfield>
      </marc:datafield>
      <marc:datafield tag="935" ind1=" " ind2=" ">
         <marc:subfield code="c">muno</marc:subfield>
      </marc:datafield>
      <marc:datafield tag="951" ind1=" " ind2=" ">
         <marc:subfield code="a">BO</marc:subfield>
      </marc:datafield>
   </marc:record>